@article{glabowski2012shortest,
  title={Shortest path problem solving based on ant colony optimization metaheuristic},
  author={Glabowski, Mariusz and Musznicki, Bartosz and Nowak, Przemyslaw and Zwierzykowski, Piotr},
  journal={Image Processing \& Communications},
  volume={17},
  number={1-2},
  pages={7},
  year={2012},
  publisher={De Gruyter Poland}
}

@article{dorigo2006ant,
  title={Ant colony optimization},
  author={Dorigo, Marco and Birattari, Mauro and Stutzle, Thomas},
  journal={IEEE computational intelligence magazine},
  volume={1},
  number={4},
  pages={28--39},
  year={2006},
  publisher={IEEE}
}

@article{dorigo1996ant,
  title={Ant system: optimization by a colony of cooperating agents},
  author={Dorigo, Marco and Maniezzo, Vittorio and Colorni, Alberto},
  journal={IEEE Transactions on Systems, Man, and Cybernetics, Part B (Cybernetics)},
  volume={26},
  number={1},
  pages={29--41},
  year={1996},
  publisher={IEEE}
}
